<record><leader>00000cas a22000007a 4500</leader><controlfield tag="001">9382127</controlfield><controlfield tag="008">830406d18751943mtuwr ne      0   a0eng d</controlfield><datafield ind1=" " ind2=" " tag="010"><subfield code="a">sn 83025309 </subfield></datafield><datafield ind1=" " ind2=" " tag="040"><subfield code="a">NPV</subfield><subfield code="b">eng</subfield><subfield code="c">NPV</subfield><subfield code="d">NPW</subfield><subfield code="d">MTL</subfield><subfield code="d">IUL</subfield><subfield code="d">OCLCQ</subfield><subfield code="d">MTG</subfield><subfield code="d">DLC</subfield><subfield code="d">OCLCF</subfield><subfield code="d">DLC</subfield></datafield><datafield ind1="0" ind2=" " tag="022"><subfield code="a">2332-7529</subfield><subfield code="2">1</subfield></datafield><datafield ind1=" " ind2=" " tag="042"><subfield code="a">msc</subfield><subfield code="a">nsdp</subfield></datafield><datafield ind1=" " ind2=" " tag="043"><subfield code="a">n-us-mt</subfield></datafield><datafield ind1=" " ind2=" " tag="045"><subfield code="a">w7x4</subfield></datafield><datafield ind1="0" ind2="0" tag="050"><subfield code="a">Newspaper</subfield></datafield><datafield ind1=" " ind2=" " tag="052"><subfield code="a">4253</subfield><subfield code="b">C3</subfield></datafield><datafield ind1="0" ind2="0" tag="082"><subfield code="a">071</subfield><subfield code="2">23</subfield></datafield><datafield ind1=" " ind2="0" tag="222"><subfield code="a">Rocky Mountain husbandman</subfield><subfield code="b">(Print)</subfield></datafield><datafield ind1="0" ind2="0" tag="245"><subfield code="a">Rocky Mountain husbandman.</subfield></datafield><datafield ind1=" " ind2=" " tag="260"><subfield code="a">Diamond City, Mont. :</subfield><subfield code="b">R.N. Sutherlin,</subfield><subfield code="c">1875-1943.</subfield></datafield><datafield ind1=" " ind2=" " tag="300"><subfield code="a">67 v. :</subfield><subfield code="b">ill. ;</subfield><subfield code="c">53 cm.</subfield></datafield><datafield ind1=" " ind2=" " tag="310"><subfield code="a">Weekly</subfield></datafield><datafield ind1="0" ind2=" " tag="362"><subfield code="a">Vol. 1, no. 1 (Nov. 25, 1875)-v. 67, no. 1 (Jan. 7, 1943).</subfield></datafield><datafield ind1=" " ind2=" " tag="500"><subfield code="a">"A Journal Devoted to Agriculture, Livestock, Home Reading, and General News."</subfield></datafield><datafield ind1=" " ind2=" " tag="500"><subfield code="a">"Pioneer agricultural and stock journal of Montana."</subfield></datafield><datafield ind1=" " ind2=" " tag="500"><subfield code="a">Issues from 1925-1943 consists entirely of Montana News Association inserts with no independent content.</subfield></datafield><datafield ind1=" " ind2=" " tag="500"><subfield code="a">Place of publication varies: Diamond City, Mont., Nov. 25, 1875-Nov. 20, 1879; White Sulphur Springs, Mont., Dec. 4, 1879-Mar. 24, 1904; Great Falls, Mont., Mar. 31, 1904-Jan. 7, 1943.</subfield></datafield><datafield ind1=" " ind2=" " tag="500"><subfield code="a">Editor: R.N. Sutherlin.</subfield></datafield><datafield ind1=" " ind2=" " tag="530"><subfield code="a">Archived issues are available in digital format as part of the Library of Congress Chronicling America online collection.</subfield></datafield><datafield ind1=" " ind2="0" tag="651"><subfield code="a">Diamond City (Mont.)</subfield><subfield code="v">Newspapers.</subfield></datafield><datafield ind1=" " ind2="0" tag="651"><subfield code="a">White Sulphur Springs (Mont.)</subfield><subfield code="v">Newspapers.</subfield></datafield><datafield ind1=" " ind2="0" tag="651"><subfield code="a">Great Falls (Mont.)</subfield><subfield code="v">Newspapers.</subfield></datafield><datafield ind1=" " ind2="7" tag="651"><subfield code="a">Montana</subfield><subfield code="z">Diamond City.</subfield><subfield code="2">fast</subfield><subfield code="0">(OCoLC)fst01294164</subfield></datafield><datafield ind1=" " ind2="7" tag="651"><subfield code="a">Montana</subfield><subfield code="z">Great Falls.</subfield><subfield code="2">fast</subfield><subfield code="0">(OCoLC)fst01202832</subfield></datafield><datafield ind1=" " ind2="7" tag="651"><subfield code="a">Montana</subfield><subfield code="z">White Sulphur Springs.</subfield><subfield code="2">fast</subfield><subfield code="0">(OCoLC)fst01213424</subfield></datafield><datafield ind1=" " ind2="7" tag="655"><subfield code="a">Newspapers.</subfield><subfield code="2">fast</subfield><subfield code="0">(OCoLC)fst01423814</subfield></datafield><datafield ind1="1" ind2=" " tag="700"><subfield code="a">Sutherlin, R. N.</subfield></datafield><datafield ind1=" " ind2=" " tag="752"><subfield code="a">United States</subfield><subfield code="b">Montana</subfield><subfield code="c">Cascade</subfield><subfield code="d">Great Falls.</subfield></datafield><datafield ind1=" " ind2=" " tag="752"><subfield code="a">United States</subfield><subfield code="b">Montana</subfield><subfield code="c">Broadwater</subfield><subfield code="d">Diamond City.</subfield></datafield><datafield ind1=" " ind2=" " tag="752"><subfield code="a">United States</subfield><subfield code="b">Montana</subfield><subfield code="c">Meagher</subfield><subfield code="d">White Sulphur Springs.</subfield></datafield><datafield ind1="0" ind2="8" tag="776"><subfield code="i">Online version:</subfield><subfield code="t">Rocky Mountain husbandman (Online)</subfield><subfield code="x">2332-7537</subfield><subfield code="w">(DLC)  2013272187</subfield><subfield code="w">(OCoLC)862979362</subfield></datafield><datafield ind1="0" ind2="5" tag="780"><subfield code="t">Meagher County news (White Sulphur Springs, Mont. : 1889)</subfield><subfield code="w">(DLC)sn 85053302</subfield><subfield code="w">(OCoLC)12711066</subfield></datafield><datafield ind1="4" ind2="1" tag="856"><subfield code="u">http://www.loc.gov/chroniclingamerica/lccn/sn83025309/issues</subfield></datafield><datafield ind1="1" ind2=" " tag="029"><subfield code="a">AU@</subfield><subfield code="b">000025811072</subfield></datafield></record>